
\begin{document}
%%%%%%%%%%% mybib.bib %%%%%%%%%%%%%%%%%%%

@ARTICLE{good1956number,
AUTHOR={I.J. Good and G.H. Toulmin},
TITLE={The Number of New Species and the Increase in Population Coverage, When a Sample is Increased},
JOURNAL={Biometrika},
YEAR={1956},
VOLUME= {43} ,
PAGES={45
-
63}.
}

@ARTICLE{kivioja2011counting,
AUTHOR={T. Kivioja and A. V\"{a}h\"{a}rautio and K. Karlsson and M. Bonke and M. Enge and S. Linnarsson and J. Taipale},
TITLE={Counting Absolute Numbers of Molecules Using Unique Molecular Identifiers},
JOURNAL={Nature Methods},
YEAR={2012},
VOLUME= {9} ,
PAGES={72
-
74}.
}

@ARTICLE{lu2012probing,
AUTHOR={S. Lu and C. Zong and W. Fan and M. Yang and J. Li and A. Chapman and P. Zhu and X. Hu and L. Xu and L. Yan and F. Bai and J. Qiao and F. Tang and R. Li and X. Xie},
TITLE={Probing Meiotic Recombination and Aneuploidy of Single Sperm Cells by Whole-Genome Sequencing},
JOURNAL={Science},
YEAR={2012},
VOLUME= {338} ,
PAGES={1627
-
1630}.
}



%%%%%%%%%%%%% end %%%%%%%%%%%%%%%%%%%%
%good1956number%


\end{document}